<record><leader>00000cas a22000007a 4500</leader><controlfield tag="001">12851038</controlfield><controlfield tag="008">851126d190819uuwiuwr ne      0    0eng d</controlfield><datafield ind1=" " ind2=" " tag="010"><subfield code="a">sn 85041579 </subfield></datafield><datafield ind1=" " ind2=" " tag="040"><subfield code="a">WIH</subfield><subfield code="b">eng</subfield><subfield code="c">WIH</subfield><subfield code="d">NPV</subfield><subfield code="d">OCLCQ</subfield></datafield><datafield ind1=" " ind2=" " tag="042"><subfield code="a">msc</subfield></datafield><datafield ind1=" " ind2=" " tag="045"><subfield code="a">x0x-</subfield></datafield><datafield ind1=" " ind2=" " tag="052"><subfield code="a">4123</subfield><subfield code="b">D3</subfield></datafield><datafield ind1="0" ind2="0" tag="245"><subfield code="a">Daleyville doings.</subfield></datafield><datafield ind1="1" ind2="3" tag="246"><subfield code="a">What shall it be?</subfield></datafield><datafield ind1=" " ind2=" " tag="260"><subfield code="a">Daleyville, Wis. :</subfield><subfield code="b">[s.n.],</subfield><subfield code="c">1908-</subfield></datafield><datafield ind1=" " ind2=" " tag="300"><subfield code="a">v. ;</subfield><subfield code="c">25 cm.</subfield></datafield><datafield ind1=" " ind2=" " tag="310"><subfield code="a">Weekly</subfield></datafield><datafield ind1="0" ind2=" " tag="362"><subfield code="a">Vol. 1, no. 3 (Apr. 1, 1908)-</subfield></datafield><datafield ind1=" " ind2=" " tag="500"><subfield code="a">Published in Daleyville, Wis., March 18-Aug. 26, 1908; in Perry, Wis., Sept. 2, 1908-&lt;March 7, 1917&gt;.</subfield></datafield><datafield ind1=" " ind2=" " tag="500"><subfield code="a">On masthead: Mt. Horeb, P.O., Sept. 23, 1908-&lt;March 7, 1917&gt;.</subfield></datafield><datafield ind1=" " ind2=" " tag="500"><subfield code="a">Editor: T. Grinder, March 18, 1908-&lt;March 7, 1917&gt;.</subfield></datafield><datafield ind1=" " ind2=" " tag="515"><subfield code="a">Includes preliminary issues: Vol. 1, no. 1 (Mar. 18, 1908)-v. 1, no. 2 (Mar. 25, 1908); called: What shall it be?</subfield></datafield><datafield ind1=" " ind2=" " tag="530"><subfield code="a">Available on microfilm from The State Historical Society of Wisconsin.</subfield></datafield><datafield ind1=" " ind2=" " tag="752"><subfield code="a">United States</subfield><subfield code="b">Wisconsin</subfield><subfield code="c">Dane</subfield><subfield code="d">Daleyville.</subfield></datafield><datafield ind1=" " ind2=" " tag="752"><subfield code="a">United States</subfield><subfield code="b">Wisconsin</subfield><subfield code="c">Dane</subfield><subfield code="d">Perry.</subfield></datafield><datafield ind1=" " ind2=" " tag="752"><subfield code="a">United States</subfield><subfield code="b">Wisconsin</subfield><subfield code="c">Dane</subfield><subfield code="d">Mt Horeb.</subfield></datafield><datafield ind1="1" ind2=" " tag="029"><subfield code="a">AU@</subfield><subfield code="b">000025816432</subfield></datafield></record>